<?xml version="1.0" encoding="UTF-8"?><collection xmlns="http://www.loc.gov/MARC21/slim"><record><leader>00351nam--2200133-i-4500</leader><controlfield tag="001">000032704</controlfield><controlfield tag="002">20161230</controlfield><controlfield tag="005">20161230201039</controlfield><controlfield tag="008">060222s1000------------r-----000-0-eng-d</controlfield><datafield ind1=" " ind2=" " tag="080"><subfield code="a">061.62:001.891:621.384.634</subfield></datafield><datafield ind1=" " ind2=" " tag="245"><subfield code="a">Max-lab activity report 1987</subfield></datafield><datafield ind1=" " ind2=" " tag="260"><subfield code="a">Lind, Sweeden, National Laboratory, 1987, 97p</subfield></datafield><datafield ind1=" " ind2=" " tag="700"><subfield code="a">Karlsson, Ulf</subfield></datafield><datafield ind1=" " ind2=" " tag="852"><subfield code="a">78959</subfield></datafield></record></collection>